% This file was created with JabRef 2.6.
% Encoding: UTF-8

@INPROCEEDINGS{Ferragina00opportunisticdata,
  author = {Paolo Ferragina and Giovanni Manzini},
  title = {Opportunistic Data Structures with Applications},
  booktitle = {IEEE Symposium on Foundations of Computer Science},
  year = {2000},
  pages = {390--398},
  owner = {jiabin},
  timestamp = {2010.06.28}
}

@MANUAL{packedindexmanual,
  title = {packedindex  manual},
  author = {Thomas Jahns and Stefan Kurtz},
  organization = {Research Group for Genomeinformatics  Center for Bioinformatics 
	University of Hamburg},
  address = {Bundesstrasse 43  20146 Hamburg  Germany},
  owner = {jiabin},
  timestamp = {2010.06.29},
  url = {\url{http://genometools.org}}
}

